1769 2779
243 198 298 237 28·
620 198 872 240 CICERO’S
911 198 1152 240 ORATION
1250 249 1258 254 ³

1130 278 1150 298 s
1167 266 1266 299 Μαι)

244 324 376 364 quum
405 310 622 351 universus
657 312 836 365 populus
867 312 1081 352 Romanus
1121 312 1274 352 referto
1306 313 1394 354 ford
1435 327 1553 354 com-

245 369 451 422 pletisque
473 369 666 409 omnibus
686 370 873 422 templis,
895 384 944 409 ex
963 371 1115 422 quibus
1136 371 1205 410 hic
1226 370 1340 410 locus
1361 372 1548 424 conspici

245 429 398 479 potest,
417 440 551 465 unum
566 427 645 466 sibi
659 427 711 466 ad
726 441 947 466 commune
962 429 1151 467 omnium
1172 429 1368 480 gentium
1389 429 1549 469 bellum

247 484 321 524 Cn.
362 484 617 537 Pompeium
656 476 953 537 imperatorem
986 485 1262 538 depoposcit?
1314 486 1464 538 Itaque
1499 489 1549 526 ut

247 542 368 594 plura
399 555 484 580 non
525 542 664 582 dicam
698 555 833 595 neque
865 543 1041 582 aliorum
1077 543 1279 596 exemplis
1305 543 1549 583 confirmem

247 602 454 652 quantum
466 599 592 665 hujus
607 601 834 639 auctoritas
855 600 996 640 valeat
1018 601 1063 639 in
1086 600 1208 649 bello,
1230 601 1284 641 ab
1305 601 1451 641 eodem
1473 600 1548 642 Cn.

247 657 447 724 Pompeio
469 658 658 696 omnium
671 671 811 697 rerum
825 658 1090 710 egregiarum
1103 658 1293 711 exempla
1310 662 1549 699 sumantur:

248 716 323 767 qui
343 728 426 767 quo
449 715 516 754 die
537 728 564 757 a
581 715 699 754 vobis
718 716 933 755 maritimo
964 715 1073 755 bello
1103 717 1363 769 praepositus
1384 719 1448 757 est
1468 717 1550 756 im-

86 794 100 808 1
117 779 121 789 ’
156 790 159 796 s
196 810 202 816 ,,
217 800 230 807 φ
248 775 427 825 perator,
447 775 569 811 tanta
589 766 759 825 repente
779 773 922 812 vilitas
943 786 1131 812 annonae
1152 787 1202 812 ex
1222 787 1385 813 summa
1404 774 1550 827 inopia

249 833 291 869 et
313 831 489 880 caritate
509 830 837 869 renfrumentai
827 844 890 869 136
904 833 1125 870 consecuta
1138 833 1201 869 est
1221 832 1347 870 unius
1367 831 1550 871 hominis

249 901 320 940 spe
342 901 390 927 ac
409 888 593 935 nomine,
608 891 809 942 quantam
821 888 892 927 vix
905 901 957 927 ex
972 901 1134 927 summa
1150 888 1342 928 ubertate
1355 902 1550 958 agrorum

249 938 482 985 diutur-na
483 958 564 998 pax
585 945 744 989 efficere
779 946 995 998 potuisset.
1055 947 1124 985 45.
1167 945 1195 986 J
1196 959 1265 985 am
1274 936 1469 1003 accepta
1504 947 1550 986 in

248 1002 384 1042 Ponto
406 1002 650 1042 calamitate
673 1017 723 1042 ex
744 1017 790 1042 60
812 1004 985 1069 proelio,
1013 1003 1063 1042 de
1090 1017 1171 1055 quo
1203 1017 1228 1042 x
1233 1017 1274 1043 os
1296 1004 1420 1057 paulo
1451 1008 1550 1044 ante

249 1061 409 1100 invitus
449 1061 664 1109 admonui,
701 1074 784 1113 qut·
775 1075 830 1099 111
863 1062 964 1100 30011
997 1061 1328 1113 pertimuissent,
1362 1061 1550 1101 hostiurn

250 1131 347 1170 opes
366 1119 583 1170 animique
604 1118 844 1167 crevissent,
866 1119 964 1158 satis
986 1118 1155 1157 firmum
1175 1119 1433 1171 praesidium
1454 1133 1548 1172 pro-

249 1177 494 1224 vinciaxnon
514 1176 701 1224 haberet,
723 1177 966 1216 amisissetis
987 1176 1145 1226 Asiam,
1174 1176 1372 1227 Quirites,
1393 1178 1475 1216 nisi
1497 1178 1550 1217 ad

249 1233 636 1286 1Ρ311111ῤ13011111611
657 1234 744 1286 ejus
761 1234 961 1286 temporis
982 1234 1188 1273 divinitus
1210 1233 1283 1274 Cn.
1299 1234 1549 1287 Pompeium

249 1292 303 1330 ad
348 1305 416 1331 eas
465 1292 656 1343 regiones
706 1292 874 1331 fortuna
913 1291 1059 1345 populi
1110 1291 1290 1331 Romani
1321 1292 1548 1332 attulisset.

249 1348 388 1401 Hujus
417 1349 621 1388 adventus
645 1352 686 1388 et
719 1349 1018 1389 Mithridatem
1046 1347 1215 1389 insolita
1239 1348 1550 1392 inflammatum

248 1406 426 1446 victoria
447 1407 658 1446 continuit
678 1411 723 1447 et
750 1407 977 1460 Tigranem
999 1408 1162 1460 magnis
1192 1408 1324 1460 copiis
1345 1408 1549 1447 minitan-

248 1466 337 1504 tem
358 1465 481 1504 Asiae
501 1465 745 1505 retardavit.
792 1465 850 1505 Et
869 1466 1093 1518 quisquam
1114 1465 1328 1504 dubitabit
1343 1465 1446 1518 quid
1465 1467 1550 1505 vir-

141 1517 146 1525 ’
180 1519 195 1531 ‘'
220 1510 342 1562 Ι’131116
363 1523 699 1576 perfecturusssit
721 1523 796 1576 qui
823 1526 992 1562 tantum
1019 1523 1270 1562 auctoritate
1299 1523 1548 1575 perfecerit?

243 1583 322 1620 -aut
352 1594 478 1634 quam
499 1581 621 1620 facile
642 1581 820 1633 imperio
842 1584 968 1633 atque
990 1581 1175 1620 exercitu
1196 1580 1325 1620 socios
1356 1584 1397 1620 et
1420 1582 1549 1620 vecti-

246 1639 361 1691 galia
392 1642 706 1678 conservaturus
727 1640 781 1678 sit
803 1639 876 1691 qui
910 1639 1000 1691 ipso
1021 1639 1190 1678 nomine
1210 1651 1258 1677 ac
1293 1651 1457 1678 rumore
1478 1639 1549 1678 de-

247 1696 430 1736 fenderit
447 1696 464 1737 ⁸?
495 1696 613 1736 XVI.
645 1697 714 1736 46.
746 1697 836 1749 Age
856 1710 953 1736 vero
965 1696 1040 1736 illa
1061 1710 1125 1735 res
1146 1699 1347 1748 quantam
1364 1696 1548 1740 declarat

247 1754 435 1807 ejusdem
454 1754 637 1793 hominis
656 1755 768 1807 apud
788 1755 925 1794 hostes
954 1754 1100 1807 populi
1121 1754 1300 1793 Romani
1321 1755 1549 1794 auctorita-

247 1815 348 1861 tem,
370 1812 481 1865 quod
502 1826 552 1851 ex
572 1812 674 1851 10013
695 1816 784 1851 13111
805 1812 1047 1865 longinquis
1068 1814 1240 1863 tamque
1261 1812 1437 1852 diversis
1458 1815 1548 1851 tani

245 1870 362 1910 brevi
395 1873 583 1922 tempore
619 1883 760 1909 omnes
795 1870 895 1909 huic
927 1883 969 1909 36
1002 1870 1077 1909 11111
1110 1869 1363 1909 dediderunt·
1380 1869 1398 1910 Ρ
1436 1870 1548 1922 (111οᾰ

247 1927 509 1968 Cretensium
539 1927 684 1980 legati,
705 1941 836 1980 quum
857 1928 901 1967 in
923 1941 1065 1967 eorum
1085 1927 1222 1967 insula
1242 1929 1383 1966 noster
1414 1927 1547 1980 impe-

245 1989 357 2025 rator
390 1986 679 2037 exercitusque
700 1989 818 2034 esset,
854 1985 906 2025 ad
929 1985 1002 2026 Cn.
1026 1985 1273 2038 Pompeium
1294 1985 1339 2024 in
1374 1985 1546 2025 ultimas

244 2056 372 2096 prope
402 2046 534 2082 terras
551 2047 756 2083 venerunt
778 2044 899 2096 eique
920 2057 961 2082 se
983 2056 1125 2082 omnes
1147 2042 1408 2083 Cretensium
1442 2043 1547 2083 civi-

244 2105 353 2141 tates
376 2101 526 2140 dedere
556 2100 664 2140 velle
687 2102 882 2140 dixerunt
901 2101 918 2141 Ῥ
951 2101 1092 2148 Quid?
1123 2101 1235 2140 idem
1257 2101 1337 2140 iste
1370 2100 1546 2140 Mithri-

244 2159 359 2198 dates
379 2172 517 2198 nonne
539 2159 592 2198 ad
612 2159 807 2199 eumdem
830 2158 902 2199 Cn.
925 2159 1174 2211 Pompeium
1204 2158 1393 2210 legatum
1414 2172 1544 2211 usque

242 2217 288 2256 in
324 2217 576 2269 Hispaniam
606 2217 751 2256 misit
742 2217 759 2245 ‘³
792 2230 901 2265 eum,
933 2230 1059 2269 quem
1094 2216 1320 2268 Pompeius
1355 2215 1543 2269 legatum

242 2287 404 2327 semper
431 2274 603 2327 judicax
607 2275 642 2314 it
678 2288 724 2323 11,
746 2275 899 2327 quibus
930 2288 980 2313 cr·
975 2280 1015 2314 11
1038 2274 1337 2327 permolestum
1358 2274 1411 2314 ad
1446 2288 1543 2315 eum

239 2330 506 2385 potissimum
540 2346 625 2372 esse
646 2275 836 2381 1111331110,
858 2333 1160 2385 speculatorem
1192 2346 1319 2384 quam
1353 2331 1543 2384 legatum

233 2389 417 2443 judicari
452 2391 613 2430 malue1
616 2395 705 2429 unt
804 2391 949 2430 costis
984 2390 1117 2441 igffitm
1145 2390 1237 2442 jam
1273 2391 1543 2439 constituere,

238 2447 438 2496 Quirites,
460 2448 566 2487 hanc
597 2451 740 2488 ’1110101
743 2445 1072 2499 1131(111(111111113
1092 2451 1235 2500 postea
1255 2447 1377 2487 rebus
1410 2448 1543 2501 gestis

235 2506 481 2560 magnisque
502 2506 652 2548 vestris
667 2505 844 2559 judiciis
865 2505 1189 2570 amplificatamy
1202 2509 1409 2559 quantum
1428 2505 1541 2560 apud

1576 796 1608 849 ὃ

1579 907 1677 968 Δία,
1726 935 1728 947 2
