1769 2779
291 227 344 270 26
658 258 661 261 .
675 226 921 268 CICERO’S
958 226 1205 267 ORATION
1221 260 1226 261 ⁷

293 339 452 381 bellum
481 339 877 413 administrandum
894 343 968 406 aut
997 342 1168 394 propter
1198 340 1476 392 cupiditatem
1503 353 1599 393 pro-

33 410 77 452 al
97 404 263 443 mmmm
284 399 457 438 'vinciae
488 398 804 450 magistratibus
837 398 1031 447 dpnsefit
1061 401 1135 437 aut
1171 401 1341 450 propter
1374 399 1598 438 avaritiam

24 1526 46 1573 s

293 456 451 496 Romae
487 456 533 495 in
544 454 753 510 „quaestui
765 455 1023 508 regi-efflent]
1082 455 1231 494 Vestra
1262 456 1597 495 admurmuratio

292 514 410 565 facit,
441 513 639 561 Quirites,
660 516 709 552 ut
743 526 966 565 agnoscere
997 513 1228 553 videamini
1254 513 1328 565 qui
1360 513 1462 552 haec
1490 514 1598 553 fece-

202 604 245 625 11,
292 572 406 612 rint:
437 584 514 624 ego
544 575 687 610 autem
706 572 878 610 nomino
908 569 1147 610 nemineffi‘:
1179 583 1307 623 quare
1338 571 1460 610 irasci
1488 571 1598 611 mihi

199 624 254 679 ,ζμ
291 642 414 669 nemo
451 629 622 682 poterit,
655 628 738 682 nisi
770 629 842 680 qui
876 632 974 668 ante
1009 628 1061 667 de
1102 642 1144 667 se
1180 628 1361 668 voluerit
1393 628 1596 668 confiteri.

238 694 245 701 '
291 687 443 739 Itaque
477 690 648 739 propter
683 686 791 725 hanc
825 687 1049 725 avaritiam
1084 686 1387 738 imperatorum
1422 690 1597 739 quantas

292 744 566 792 calamitates,
585 733 868 796 (quocumque
903 746 1079 782 ventum
1090 742 1195 801 fest)
1222 744 1356 782 nostri
1391 745 1599 783 exercitus

219 788 431 847 ‘if'ssferant
451 802 546 853 quis
566 802 735 853 ignorat
752 800 769 840 ἰ)
831 803 898 840 38.
922 800 1083 839 Itinera
1103 814 1210 852 quae
1230 814 1305 853 per
1326 801 1448 841 hosce
1469 814 1598 841 annos

236 883 244 892 ,
290 859 337 898 in
373 858 502 898 Italia
531 871 604 910 per
636 871 755 909 agros
784 861 911 910 atque
945 858 1099 910 oppida
1129 858 1286 896 civium
1314 858 1634 955 R91-nzane‘ffffffffissz,

1498 930 1512 955 1
1550 929 1599 956 us

1619 977 1648 1018 ἢ

290 917 426 967 nostri
457 916 731 969 imperatores
761 915 939 954 fecerint
969 915 1273 955 recordamini:
1305 919 1401 955 tum
1430 907 1496 955 fac

259 964 489 1013 ”statuetis
522 974 624 1026 quid
656 973 769 1024 apud
802 976 964 1013 exteras
990 973 1182 1012 nationes
1209 972 1301 1012 fieri
1333 974 1598 1014 existimetis.

228 1046 231 1047 ⁷
292 1027 450 1072 Utffim
490 1031 630 1084 plures
669 1031 937 1070 arbitramini
976 1043 1051 1082 per
1082 1029 1206 1070 hosce
1246 1042 1374 1070 annos
1408 1024 1600 1071 militum

291 1092 525 1129 vestrorum
558 1089 685 1127 armis
718 1088 1060 1128 hostiunf'nrbes
1095 1100 1148 1126 an
1179 1088 1367 1127 hibernis
1394 1089 1600 1128 sociorum

292 1147 487 1186 civitates
519 1160 605 1186 esse
637 1145 827 1186 deletas?
885 1145 1034 1198 Neque
1065 1146 1179 1184 enim
1198 1148 1338 1198 potest
1368 1147 1600 1186 exercitum

291 1206 328 1244 is
349 1202 565 1244 continere
585 1204 827 1256 imperator,
848 1204 923 1255 qui
954 1217 996 1242 se
1026 1203 1116 1256 ipse
1136 1216 1220 1242 non
1242 1203 1444 1252 continet,
1464 1217 1600 1257 neque

287 1275 457 1302 vseverus
488 1275 573 1301 esse
604 1262 650 1300 in
674 1261 920 1313 judicando,
941 1261 1016 1313 qui
1046 1260 1151 1299 alios
1180 1261 1299 1316 iR—SQ
1321 1274 1482 1301 severos
1513 1275 1600 1301 esse
1631 1275 1651 1293 α’
1689 1272 1705 1286 ”
1746 1272 1748 1279 ’

287 1319 453 1373 judices
488 1333 572 1359 non
607 1319 712 1358 vult.
775 1320 842 1358 39.
874 1318 959 1358 Hic
997 1319 1202 1357 miramur
1236 1318 1349 1357 hunc
1383 1319 1601 1359 hominem

293 1381 463 1417 tantum
495 1377 697 1417 excellere
731 1377 894 1425 ceteris,
916 1375 1034 1428 cujus
1070 1375 1256 1428 legiones
1292 1376 1351 1415 sic
1380 1377 1426 1416 in
1457 1377 1601 1416 Asiam

293 1435 578 1488 pervenerint,
599 1438 649 1474 ut
680 1447 763 1473 non
796 1434 921 1473 modo
956 1447 1104 1485 manus
1137 1434 1249 1472 tanti
1282 1434 1502 1486 exercitus,
1531 1435 1602 1474 sed

76 1491 239 1547 sassa(
285 1506 346 1532 -ne
367 1493 598 1545 vestigium
620 1493 794 1544 quidem
815 1493 1011 1544 cuiquam
1027 1495 1175 1546 PQtO
1197 1492 1384 1531 nocuisse
1405 1491 1602 1533 dicatur?

294 1550 392 1590 Jam
412 1563 510 1590 vero
541 1563 666 1602 quem
698 1550 751 1589 ad
782 1550 955 1589 modum
974 1549 1134 1588 milites
1164 1548 1389 1589 hibernent
1413 1549 1602 1602 quotidie

295 1620 504 1648 sermones
535 1621 582 1647 ac
612 1608 780 1647 litterae
811 1607 1103 1660 perferuntur:
1134 1620 1217 1654 non
1239 1607 1363 1646 modo
1384 1611 1435 1646 ut
1461 1621 1603 1660 sump-

27 1674 81 1715 p*
94 1673 154 1687 ’ἡ
168 1670 186 1689 s
200 1666 229 1685 Ἰ
243 1671 254 1675 ”
264 1663 388 1705 ’Ἴ11111
409 1663 538 1706 faciat
559 1666 605 1705 in
624 1665 808 1704 militem
827 1665 991 1704 nemini
1012 1665 1074 1704 vis
1095 1665 1296 1713 adfertur,
1319 1665 1390 1704 sed
1411 1678 1464 1705 ne
1484 1666 1604 1718 cupi-

31 1800 50 1839 s
58 1778 88 1831 l„
102 1808 117 1827 ,2
127 1787 217 1821 Tm„

25 2025 207 2055 1”,<-’·1

294 1718 385 1763 enti
414 1724 589 1776 quidem
618 1723 814 1775 cuiquam
834 1723 1112 1775 permittitur.
1173 1722 1340 1762 Hiemis
1370 1723 1497 1771 enim,
1517 1736 1604 1762 non

293 1782 494 1821 avaritiae
524 1781 768 1834 perfugium
797 1780 974 1833 majores
1002 1783 1094 1820 nost
1120 1780 1135 1819 i
1166 1780 1211 1818 in
1240 1781 1449 1820 sociorum
1475 1784 1603 1833 atque

293 1840 526 1878 amicorum
556 1836 680 1888 tec-*fiis
711 1852 796 1877 esse
827 1838 1064 1886 voluerunt.
1134 1837 1251 1877 XIV.
1283 1839 1352 1877 40.
1384 1838 1483 1895 Age,
1503 1851 1602 1878 vero

293 1897 444 1936 ceteris
495 1897 541 1936 in
585 1895 706 1935 rebus
747 1895 865 1948 quali
906 1896 962 1935 sit
1001 1896 1285 1949 temperantia
1327 1895 1601 1936 considerate.

294 1954 419 1995 Unde
459 1954 578 1994 illam
610 1957 776 2002 tantam
808 1953 1072 1994 celeritatem
1107 1957 1151 1994 et
1183 1956 1273 1993 tam
1308 1953 1601 1994 incredibilem
1651 1959 1668 1985 ἕ

1627 1260 1645 1267 Λ

1622 1608 1645 1684 l

293 2025 462 2067 cursum
497 1998 729 2051 inventutis
743 1996 947 2064 *putatis12
1005 2011 1103 2051 Non
1139 2012 1255 2050 enim
1291 2010 1413 2050 illum
1447 2011 1639 2060 eximia

286 2070 356 2110 -vis
377 2070 589 2122 remigum
609 2073 685 2109 aut
714 2082 779 2109 ars
804 2069 995 2108 inaudita
1016 2069 1220 2121 quaedam
1243 2069 1506 2121 gubernandi
1526 2073 1602 2109 aut-

293 2128 412 2168 venti
434 2127 567 2180 aliqui
598 2128 698 2166 novi
719 2130 808 2166 tam
830 2126 1020 2166 celeriter
1040 2128 1085 2165 in
1107 2126 1281 2166 ultimas
1303 2129 1436 2166 terras
1459 2130 1602 2180 pertu-

292 2185 448 2235 lerunt,
469 2185 540 2225 sed
576 2199 648 2225 eae
684 2199 761 2232 res,
793 2198 899 2237 quae
931 2188 1087 2224 ceteros
1115 2184 1315 2224 remorari
1344 2183 1495 2234 solent,
1515 2198 1602 2225 non

291 2243 586 2283 retardarunt:
617 2256 702 2283 non
733 2243 912 2282 avaritia
939 2242 992 2282 ab
1019 2243 1217 2282 instituto
1246 2255 1371 2282 cursu
1400 2242 1454 2282 ad
1482 2255 1602 2296 prae-

288 2301 390 2340 dam
409 2300 613 2354 *aliquam
654 2301 888 2348 devocavit,
929 2313 1013 2340 11011
1054 2299 1186 2344 libido
1227 2300 1280 2339 ad
1321 2297 1647 2353 voluptatemj'

291 2370 375 2398 non
396 2360 627 2398 amoenitas
649 2358 702 2398 ad
723 2358 1062 2408 delectationem,
1082 2371 1166 2397 non
1187 2357 1389 2397 nobilitas
1410 2358 1527 2398 urbis
1546 2359 1601 2398 ad

291 2417 593 2469 cognitionem,
614 2430 697 2456 non
727 2416 909 2469 denique
940 2415 1056 2456 labor
1077 2417 1166 2468 ipse
1185 2416 1239 2455 ad
1260 2416 1448 2468 quietem
1465 2430 1476 2456 :
1508 2428 1602 2469 pos-

290 2478 431 2529 tremo,
448 2474 567 2528 signa
589 2478 631 2514 et
652 2473 818 2514 tabulas
840 2477 1059 2526 ceteraque
1081 2477 1327 2514 ornamenta
1344 2473 1601 2514 Graecorum

289 2532 557 2587 oppidorum,
591 2545 697 2587 quae
730 2532 860 2574 ceteri
901 2531 1089 2574 tollenda
1129 2545 1215 2574 esse
1246 2531 1602 2587 arbitrantus,bssea
