1769 2779
136 604 171 684 142

0 2365 9 2450 3

2 2451 9 2543 ⁴.

206 206 256 244 36
590 205 835 245 OIOERO'S
875 204 1120 245 ORATION

205 315 455 356 firmandam
489 318 664 370 putatis,
687 331 728 358 es
780 318 897 374 vobis
918 321 1063 358 auctor
1098 317 1163 356 vir
1183 315 1388 356 bellorum
1421 314 1510 356 om·
1540 340 1542 348 =
1565 330 1569 344 1
1594 333 1598 348 1
1626 332 1645 346 22

205 374 325 413 nium
355 375 715 427 maximarumque
735 389 873 416 rerum
908 375 1200 428 peritissimus,
1222 374 1270 413 P.
1293 374 1509 423 Servilius,

207 431 323 484 cujus
359 435 502 472 tantae
532 446 596 472 res
627 436 768 485 gestae
804 436 916 472 terra
945 434 1135 485 marique
1170 431 1439 482 exstiterunt,
1459 440 1509 471 ut

206 502 336 541 quum
371 490 423 529 de
457 490 570 530 bello
605 490 858 550 deliberetis,
895 494 1037 530 auctor
1071 489 1189 529 vobis
1223 489 1390 541 gravior
1421 502 1509 529 esse

205 560 328 586 nemo
359 535 619 609 debeatsfest
655 547 698 588 C.
732 547 870 597 Cui-io,
905 546 1080 587 summis
1115 547 1263 586 vestris
1295 546 1508 586 benefieiis

207 605 484 657 maximisque
504 605 627 644 rebus
662 607 804 657 gestis,
826 619 989 645 summo
1012 604 1182 658 ingenio
1204 607 1248 644 et
1282 586 1526 657 prudentia?

207 663 438 714 praeditus,'
457 665 522 702 est
557 662 630 703 Cn.
653 663 871 712 Lentulus,
893 664 938 702 in
960 677 1041 715 quo
1064 676 1206 702 omnes
1225 654 1301 715 spro
1335 662 1509 715 amplis-

208 720 323 759 simis
353 721 501 760 vestris
531 721 774 773 honoribus)
789 721 1265 767 summumssonsilium,
1302 733 1509 759 summam

206 778 460 830 gravitatem
493 791 578 817 esse
613 779 838 831 cognostis:
865 782 928 817 est
964 777 1007 818 C.
1043 778 1218 826 Cassius,
1248 778 1508 830 integritate,

208 835 380 884 virtute,
402 836 638 875 constantia
670 835 886 888 singulari.
948 835 1082 883 Quare
1116 835 1258 875 videte
1279 838 1328 874 ut
1359 836 1508 875 horum

208 893 533 933 auetoritatibus
573 893 743 933 illorum
783 893 986 945 orationi,
1020 893 1094 946 qui
1134 892 1408 947 dissentiunt,
1445 905 1510 934 re·-

208 950 409 1003 spondere
429 964 546 1004 posse
566 951 795 1006 videamur.

294 1008 456 1048 XXIV.
490 1010 557 1049 69.
590 1009 702 1056 Quae
723 1023 853 1062 quum
873 1009 935 1048 ita
956 1009 1054 1058 sint,
1072 1008 1115 1049 C.
1134 1009 1302 1058 Manili,
1323 1008 1509 1062 primum

208 1066 335 1106 istam
348 1069 466 1106 tuam
489 1069 533 1105 et
553 1066 693 1119 legem
707 1070 751 1107 et
771 1067 1034 1107 voluntatem
1048 1070 1092 1106 et
1113 1068 1364 1106 sententiam
1385 1067 1510 1106 laudo

168 1123 171 1134 ²
208 1123 658 1177 vehementissimeque
699 1124 949 1180 comprobo:
1002 1124 1152 1164 deinde
1185 1127 1229 1164 te
1269 1125 1425 1173 hortor,
1461 1128 1523 1184 ut)

36 1188 62 1212 11.
69 1183 130 1227 fn,
148 1184 187 1211 <31

207 1177 376 1228 {uictore
406 1181 559 1235 populo
579 1181 782 1237 Romano)
800 1196 966 1222 maneas
987 1183 1031 1221 111
1065 1183 1272 1222 sententia
1299 1196 1403 1221 neve
1439 1180 1511 1221 011-

200 1238 400 1292 jusquam
433 1240 520 1279 vim
550 1243 625 1279 aut
658 1241 793 1280 minas
828 1241 1109 1293 pertimescas.
1170 1240 1362 1279 Primum
1392 1240 1436 1278 in
1467 1242 1512 1279 te

208 1298 308 1337 satis
349 1311 435 1337 esse
476 1298 607 1337 animi
644 1298 1059 1351 perseverantiaeque
1101 1298 1306 1337 arbitror:
1333 1333 1336 1336 ,
1359 1297 1520 1347 deinde,

208 1369 339 1408 quum
371 1358 535 1395 tantam
564 1356 886 1396 multitudinem
919 1370 1016 1395 cum
1048 1359 1167 1395 tanto
1199 1356 1338 1395 studio
1372 1355 1512 1394 adesse

208 1413 438 1462 videamus,
452 1417 653 1466 quantam
674 1414 829 1453 iterum
849 1427 959 1453 1111110
982 1414 1024 1452 111
1047 1414 1513 1465 eodem-homineprae-

209 1471 386 1511 fieiendo
419 1471 624 1520 videmus,
646 1471 747 1524 quid
779 1475 842 1511 est
863 1472 973 1524 quod
993 1475 1069 1510 aut
1102 1471 1153 1510 de
1174 1485 1218 1510 re
1240 1474 1313 1510 aut
1349 1471 1398 1525 de
1419 1483 1514 1522 per-

209 1529 380 1569 ficiendi
401 1526 601 1568 facultate
632 1529 903 1569 dubitemus?
936 1529 1026 1582 Ego
1047 1532 1191 1568 autem
1223 1528 1429 1581 quidquid
1451 1532 1514 1567 est

210 1587 255 1626 in
287 1600 356 1627 me
389 1587 534 1636 studii,
573 1587 751 1636 consilii,
782 1587 948 1636 laboris,
982 1587 1158 1640 ingenii,
1190 1585 1514 1639 quidquidfflhoc

209 1645 412 1685 beneficio
435 1645 582 1697 populi
603 1645 779 1684 Romani
805 1648 932 1697 atque
953 1645 1032 1684 hac
1057 1642 1266 1697 potestate
1289 1644 1513 1697 praetoria,

210 1703 417 1755 quidquid
448 1703 715 1751 auctoritate,
738 1703 834 1751 fide,
858 1703 1094 1742 constantia
1115 1716 1298 1755 possum,
1316 1701 1361 1741 id
1392 1714 1514 1741 omne

212 1760 265 1800 ad
300 1761 408 1800 hane
448 1773 537 1800 rem
579 1761 881 1801 conficiendam
922 1761 1004 1800 tibi
1050 1763 1094 1799 et
1129 1759 1284 1813 populo
1325 1759 1515 1799 Romano

211 1818 412 1871 polliceor
443 1832 491 1858 110
522 1819 689 1858 defero:
724 1819 790 1859 ΤΟ.
822 1822 1037 1871 testorque
1069 1831 1211 1857 omnes
1243 1817 1340 1857 deos
1371 1820 1417 1857 et
1449 1830 1515 1857 eos

1525 1397 1562 1414 ψ
1583 1358 1698 1426 ᾳβ,

1589 1437 1655 1499 “J

1572 1578 1610 1601 5⁵1

212 1877 409 1925 maxime,
451 1877 525 1929 qui
574 1877 673 1915 111110
723 1876 812 1933 logo
853 1876 1098 1937 tequue
1149 1876 1402 1928 praesident,
1442 1875 1517 1928 qui
1561 1901 1575 1915 „

212 1935 403 1974 omnium
434 1947 517 1973 mer
534 1937 595 1973 tes
625 1948 784 1984 eorum,
804 1935 879 1986 qui
901 1934 953 1973 ad
983 1947 1074 1974 rem
1094 1934 1311 1986 publicam
1346 1933 1516 1981 adeunt,

212 1992 396 2032 maxime
416 1948 689 2047 persgiciunt,
703 2006 771 2037 me
793 1993 871 2031 1100
893 2005 1028 2045 neque
1050 1996 1200 2044 rogatu
1221 1992 1357 2031 faeere
1380 1990 1518 2042 cujus-

213 2063 341 2102 quam
373 2063 507 2103 neque
529 2047 613 2102 quo
648 2050 720 2090 Cn.
744 2049 937 2103 Pompeii
972 2049 1154 2103 gratiam
1168 2046 1283 2088 'mihi
1303 2061 1376 2101 per
1410 2048 1518 2087 hanc

214 2121 380 2147 causam
420 2107 635 2147 conciliari
669 2111 815 2161 putem
855 2121 989 2159 neque
1027 2121 1109 2160 quo
1140 2107 1249 2146 mihi
1289 2120 1339 2146 ex
1380 2105 1518 2158 cujus·-

214 2179 342 2218 quam
373 2159 656 2219 amplitudine
692 2169 767 2205 aut
807 2166 1002 2219 praesidia
1032 2164 1231 2217 perieulis
1281 2168 1355 2204 aut
1400 2163 1519 2216 adju-

215 2227 359 2264 menta
397 2224 626 2264 honoribus
667 2237 879 2280 qua-eram,
911 2222 1285 2277 propterea-‘quod
1333 2221 1520 2275 pericula
1556 2244 1560 2264 ι

215 2281 424 2340 facile,(ut
454 2282 670 2321 hominem
693 2285 901 2336 praestare
935 2284 1121 2345 oportet7
1136 2271 1381 2320 innocentia
1413 2267 1561 2334 teeti))

216 2339 483 2392 repellemus,
498 2340 700 2380 honorem
722 2339 865 2379 autom
886 2353 1022 2392 neque
1043 2339 1096 2378 ab
1110 2352 1192 2378 uno
1214 2352 1348 2391 neque
1371 2351 1420 2378 ex
1441 2337 1521 2377 1100

217 2395 322 2447 loeo,
345 2398 415 2437 sed
438 2394 584 2437 effidem
606 2397 682 2437 illa
703 2401 845 2438 nostra
866 2397 1193 2437 laboriosissima
1207 2397 1370 2437 ratione
1392 2395 1520 2444 vitae,

46 2435 254 2511 ίιςαωὶθζεί
290 2458 427 2496 vest-ra
449 2455 644 2495 voluntas
677 2452 798 2508 feret)
828 2469 1138 2508 consequemur.
1201 2456 1268 2495 71.
1302 2454 1435 2502 Quam
1469 2453 1522 2493 ob

216 2525 306 2568 rem
337 2514 544 2567 quidquid
576 2514 620 2553 in
651 2513 729 2554 hac
760 2527 882 2555 causa
913 2512 1020 2553 mihi
1053 2517 1293 2567 susceptum
1324 2516 1399 2562 est,
1422 2511 1523 2560 Qui-

1562 2235 1705 2298 „Am
