1769 2779
485 247 592 284 PRO
630 246 772 284 LEGE
811 246 1059 284 MANILIA.
1374 248 1423 286 17

120 359 254 399 totius
276 358 476 398 Graeciae
510 358 652 398 lumen
674 358 930 411 exstinctum
963 371 1048 397 esse
1071 357 1318 397 voluerunt:
1354 371 1424 397 vos

120 429 216 456 eum
237 429 379 469 regem
401 416 587 455 inultum
609 407 952 468 essffitiemini,
974 416 1047 468 qui
1069 415 1256 467 legatum
1278 416 1424 468 populi

119 473 300 513 Romani
323 473 582 512 consularem
604 473 781 512 vinculis
817 487 865 512 ac
887 472 1126 512 verberibus
1159 476 1286 525 atque
1308 474 1424 511 omni
1457 506 1459 508 .

0 509 98 599 ΨΜ)
120 531 325 583 supplicio
347 531 632 571 excruciatum
663 530 864 570 necavit?
914 530 988 569 Illi
1016 530 1261 569 libertatem
1281 530 1424 569 immi·
1441 528 1562 590 ίιίζρ

118 592 268 627 nutam
289 589 447 628 civium
474 588 759 627 Romanorum
779 601 862 627 non
892 588 1109 627 tulerunt:
1143 601 1213 627 vos
1235 587 1423 640 erejffi‘tm
1580 583 1596 601 '²

95 645 254 685 ,vitam
283 645 545 698 negligetis?
605 645 682 685 Jus
714 645 937 698 legationis
968 645 1093 685 verbo
1119 645 1326 684 violatum
1358 646 1423 685 illi

0 684 327 756 Wperseouti
348 706 446 743 sunt
461 718 470 742 :
502 716 573 742 vos
588 703 776 755 legatum
794 703 909 742 omni
926 703 1133 755 supplicio
1151 703 1422 742 interfectum
1456 743 1495 753 ,ζ

118 761 396 814 relinquetis?
461 762 525 799 12.
557 760 709 809 Videte
731 774 795 809 ne,
809 763 858 799 ut
864 760 965 824 κ11113
986 761 1318 813 pulcherrimum
1339 761 1423 800 fuit
1453 764 1485 811 ’ᾗ

118 821 283 858 tantam
303 818 422 858 vobis
455 818 624 870 imperii
646 817 825 870 gloriam
846 818 1024 867 tradere,
1047 819 1105 857 310
1127 817 1244 857 vobis
1265 819 1422 871 turpis-

119 876 274 916 simum
297 876 351 915 sit
387 875 444 924 id,
466 875 576 928 quod
609 876 840 928 accepistis,
862 877 974 921 tueri
997 878 1039 915 et
1075 889 1316 925 conservare
1337 889 1420 916 non

118 939 345 989 possen-³12<-
364 982 366 984 .
388 968 396 983 ⁴
514 945 553 981 τί
575 965 583 990 2-
675 967 681 970 *
1315 946 1318 948 ’
1463 934 1467 945 ’·

207 984 456 1062 (ξ111111ῌ11011
478 988 587 1030 salus
602 991 805 1030 sociorum
827 1004 1038 1031 summum
1059 993 1104 1031 in
1118 991 1353 1044 periculum
1374 1006 1421 1031 ac
1444 1003 1449 1044 2

121 1049 347 1088 discrimen
361 1052 556 1096 vocatur,
589 1062 670 1100 quo
703 1049 874 1088 tandem
910 1050 1051 1089 animo
1084 1050 1191 1089 ferre
1225 1050 1420 1089 debetis?
1447 1046 1450 1071 ¹

119 1106 265 1159 Regno
287 1110 349 1146 est
370 1106 561 1159 expulsus
584 1106 879 1146 Ariobarzanes
901 1121 986 1156 rex,
1018 1108 1150 1147 socius
1171 1107 1316 1160 populi
1337 1108 1421 1147 Ro-

118 1165 234 1204 mani
252 1167 377 1217 atque
396 1165 553 1203 amicus
572 1179 580 1203 :
613 1165 841 1203 imminent
862 1165 942 1204 duo
959 1178 1075 1217 reges
1096 1166 1178 1204 toti
1201 1166 1322 1204 Asiae
1336 1179 1419 1205 non

118 1221 255 1262 Solum
275 1222 392 1261 vobis
413 1222 710 1270 inimicissimi,
733 1222 803 1261 sed
824 1222 954 1261 etiam
975 1223 1122 1262 vestris
1143 1223 1266 1262 sociis
1294 1226 1420 1275 atque

78 1304 82 1306 -
119 1280 281 1329 amicis,
299 1280 491 1319 civitates
513 1282 655 1318 autem
677 1293 831 1328 omncs,
849 1283 1000 1319 cuncta
1022 1280 1120 1319 Asia
1141 1284 1268 1332 atquc
1290 1279 1420 1319 Grae-

83 1376 91 1379 ,
119 1338 184 1377 cia
204 1341 389 1378 vestrum
410 1337 620 1376 auxilium
642 1340 879 1390 exspectare
902 1340 1072 1390 propter
1099 1337 1278 1390 periculi
1301 1351 1419 1389 mag-

91 1418 94 1435 ;
116 1395 360 1435 nitudinem
401 1398 608 1448 coguntur
629 1410 637 1434 :
688 1395 985 1447 imperatorem
1026 1408 1050 1434 a
1089 1395 1208 1434 vobis
1255 1399 1418 1434 certum
1437 1416 1454 1430 a
1497 1427 1502 1434 ,

71 1465 97 1495 ¹*ss
111 1452 349 1506 deposcere,
371 1466 503 1505 quum
525 1454 772 1505 praesertim
792 1466 864 1492 vos
892 1452 1024 1491 alium
1045 1453 1262 1500 miseritis,
1283 1466 1418 1505 neque
1445 1468 1477 1489 s
1503 1461 1506 1463 ’
1526 1470 1530 1474 ·
1560 1451 1566 1459 ”

117 1511 274 1550 audent
308 1524 441 1563 neque
464 1524 505 1549 se
541 1510 586 1549 id
616 1510 750 1550 facere
772 1511 861 1550 sine
897 1524 1060 1549 summo
1082 1510 1268 1562 periculo
1299 1524 1417 1563 posse

116 1568 389 1608 arbitrantur.
446 1570 510 1607 13.
538 1567 696 1607 Vident
712 1570 756 1607 et
777 1568 968 1607 sentiunt
982 1568 1062 1607 1100
1075 1567 1190 1607 idem
1206 1569 1317 1620 quod
1331 1581 1416 1617 vos,
1444 1604 1449 1617 2

116 1639 250 1666 unum
269 1626 409 1666 virum
429 1639 529 1675 esse,
562 1626 607 1664 in
640 1639 722 1678 quo
756 1620 1036 1690 summalsint-
1072 1627 1226 1675 omnia,
1249 1628 1293 1665 et
1320 1639 1416 1666 eum

115 1686 286 1737 propter
307 1674 510 1739 esse,Qiio
532 1683 663 1722 etiam
696 1686 839 1723 carent
863 1669 1052 1744 aegffis}
1061 1683 1210 1748 jcujus
1231 1676 1438 1742 adyentis
1475 1702 1478 1704 v

114 1742 217 1794 ipso'
241 1744 367 1794 atque
399 1741 582 1790 nomine,
612 1742 782 1780 tametsi
804 1740 877 1780 ille
897 1740 950 1780 ad
971 1741 1236 1780 maritimum
1257 1740 1417 1780 bellum

113 1800 293 1850 venerit,
313 1802 457 1839 tamen
491 1799 678 1851 impetus
702 1799 890 1837 hostium
923 1812 1126 1851 repressos
1148 1812 1234 1838 esse
1255 1798 1416 1838 intelli-
1450 1846 1454 1849 ἱ
1523 1809 1541 1814 ··
1577 1807 1580 1813 ’

113 1860 222 1910 gunt
242 1870 290 1897 ac
310 1857 555 1897 retardatos.
615 1856 676 1895 Hi
698 1869 782 1905 vos,
802 1857 1003 1908 quoniam
1032 1847 1164 1896 libAere
1184 1855 1302 1908 loqui
1331 1869 1415 1896 non

113 1915 229 1964 licet,
250 1915 382 1954 tacite
403 1917 568 1966 rogant,
588 1917 637 1952 ut
664 1927 706 1952 se
728 1927 905 1966 quoque,
927 1914 1036 1953 sicut
1066 1916 1298 1953 ceterarum
1321 1927 1416 1966 pro-

113 1973 348 2012 vinciarum
384 1973 527 2020 socios,
549 1972 698 2024 dignos
730 1972 997 2020 existimetis,
1030 1985 1208 2023 quorum
1235 1971 1415 2011 salutem

112 2029 191 2069 tali
212 2030 303 2069 viro
337 2029 655 2078 commendetis,
686 2032 812 2081 atque
848 2029 926 2069 1100
958 2029 1090 2068 etiam
1121 2029 1271 2081 magis,
1303 2029 1414 2081 quod

113 2090 270 2127 eeteros
290 2089 335 2127 in
356 2088 616 2140 provinciam
637 2086 726 2139 ejus
746 2086 861 2126 modi
897 2087 1089 2126 homines
1111 2100 1206 2126 cum
1234 2087 1413 2139 imperio

111 2146 339 2195 mittimus,
359 2148 408 2184 ut
430 2146 561 2184 etiam
583 2145 616 2183 si
639 2144 691 2184 ab
712 2144 831 2184 hoste
862 2145 1104 2193 defendant,
1125 2147 1269 2184 tamen
1300 2145 1413 2197 ipso-

110 2215 206 2242 rum
227 2203 430 2243 adventus
453 2204 498 2242 in
519 2202 640 2242 urbes
655 2203 862 2242 sociorum
882 2216 967 2242 non
987 2202 1174 2242 multum
1195 2202 1248 2241 ab
1263 2202 1412 2242 hostili

111 2261 421 2313 expugnatione
455 2260 681 2308 differant„
699 2260 811 2299 hunc
850 2259 1081 2300 audiebant
1121 2262 1260 2309 antea,
1301 2273 1412 2299 1111110
1535 2301 1538 2304 ⁴

109 2321 373 2371 praesentem
393 2318 541 2358 vident
570 2321 692 2358 tanta
711 2319 1005 2370 temperantia,
1027 2320 1148 2357 tanta
1168 2321 1411 2357 mansuetu·
1432 2315 1529 2344 '‘U‘'

108 2376 221 2425 dine,
243 2379 365 2415 tanta
384 2376 664 2423 humanitate,
686 2379 735 2415 ut
757 2376 789 2414 ii
811 2376 1047 2415 beatissimi
1068 2388 1154 2416 esse
1172 2376 1411 2427 videantru,
1467 2401 1469 2403 -
1500 2391 1502 2395 ’
1557 2413 1565 2422 s

106 2434 220 2487 apud
241 2447 344 2486 quos
365 2433 439 2472 1110
462 2433 701 2473 diutissime
723 2436 1018 2474 commoratur.
1055 2438 1065 2463 ἶ
1082 2444 1090 2456 ’
1117 2450 1155 2489 ſs*
1180 2445 1204 2461 -1
1218 2448 1224 2457 ·’
1243 2450 1248 2460 ··
1268 2454 1288 2474 μ

191 2491 284 2543 VL,
303 2494 367 2531 14.
401 2487 563 2538 Qasre
595 2491 630 2530 si
659 2494 831 2544 propter
862 2490 1129 2552 sociosmulla
1151 2492 1233 2544 ipsi
1254 2490 1411 2543 injuria

103 2544 312 2622 lacessiti)
324 2548 502 2602 majores
533 2549 666 2589 nostri
700 2562 795 2589 cum
832 2549 1055 2601 Antiocho,
1077 2563 1173 2589 cum
1195 2549 1409 2603 Philippo,
