1769 2779
195 389 197 391 ·
248 374 522 414 diuturnitati
542 373 716 426 mo-dum
747 373 1015 413 statuendum
1050 376 1192 413 vetere
1213 374 1405 427 exemplo
1425 378 1583 429 puta-f*

198 907 231 947 „1
251 893 544 940 necessarium,
580 892 876 944 magnitudine
910 891 1215 945 periculosum:
1246 895 1378 931 restat
1413 895 1462 932 ut
1503 893 1554 932 de

199 2283 208 2295 ³
260 2277 332 2316 sed
363 2276 681 2328 suisbimperiis,
702 2289 786 2315 non
807 2275 1108 2316 offensionibus
1129 2275 1245 2324 belli,
1268 2275 1338 2314 sed
1366 2275 1569 2323 victoriis,

10 2340 76 2364 ¹12¹·
119 2325 226 2365 ³“'-¹‘'
253 2329 344 2373 iion
395 2333 633 2386 stipendiiS,
684 2334 755 2373 sed
806 2333 1036 2386 triumphis
1087 2337 1147 2373 est
1188 2333 1369 2372 erudita.
1451 2331 1611 2379 Quod.

1504 27 1521 37 r

1593 68 1646 84 t

1183 131 1262 195 Ὺμ
1288 120 1378 152 tcto,
1425 108 1514 148 20³²)
1590 112 1679 140 M&

247 203 294 242 22
628 201 874 242 CICERO’S
912 202 1162 243 ORATION
1427 180 1432 185 ’

1184 286 1221 309 «Γ

247 316 418 356 fortasse
450 315 666 369 potuisset,
687 317 822 355 vestro
849 314 972 368 jussu
1011 317 1190 364 coactus,
1231 314 1343 369 q'uod
1380 316 1552 369 imperii

248 432 382 480 vistis,
423 435 588 484 partem
619 430 822 480 militum,
862 432 937 483 qui
972 431 1065 484 jam
1104 420 1663 484 stipendiisaeonfectiffl

250 492 383 538 erant,
438 489 614 545 dimisit,
669 492 832 541 partem
882 488 1101 529 Glabrioni
1146 489 1336 529 tradidit.
1408 489 1550 530 Multa

251 550 465 601 praetereo
508 546 711 595 consulto,
744 546 814 586 sed
848 560 896 586 ca
927 560 998 586 vos
1031 546 1550 600 conjectura“perspicite,

251 608 456 658 quantum
476 604 584 643 illud
603 603 761 643 bellum
782 604 941 643 factum
960 605 1135 657 putetis,
1157 605 1269 654 quod
1289 604 1550 658 conjungant

250 676 367 716 reges
407 662 706 715 potentissimi,
746 665 948 701 renovent
994 663 1180 715 agitatae
1219 663 1425 712 nationes,
1466 677 1553 703 sus-

251 722 412 773 cipiant
431 721 622 771 integrae
644 722 789 771 gentes
825 733 955 759 novus
967 720 1195 772 imperator
1211 724 1352 759 noster
1372 721 1553 774 accipiat

251 782 392 817 vetere
414 778 602 816 exercitu
621 776 778 835 pulso.{
803 777 870 817 X.
904 778 971 818 27.
1004 777 1116 817 Satis
1136 777 1245 816 mihi
1272 778 1408 817 multa
1428 779 1554 818 verba

252 836 397 874 fecisse
438 835 595 883 videor,
616 847 699 886 qua
738 848 782 873 re
823 838 930 874 esset
970 835 1049 873 hoc
1084 834 1244 873 bellum
1277 848 1428 887 genere
1461 836 1552 888 ipso

252 952 504 1003 imperatore
537 950 590 989 ad
626 950 670 988 id
704 949 864 988 bellum
909 949 1132 1002 deligendo
1173 963 1220 990 ac
1260 947 1392 990 tantis
1431 950 1554 990 rebus

251 1008 533 1062 praeficiendo
551 1007 776 1046 dicendum
797 1020 883 1047 esse
904 1008 1110 1047 videatur.
1436 1021 1453 1061 h
1570 1022 1600 1058 p

341 1066 532 1113 Utinam,
562 1064 760 1113 Quirites,
783 1066 967 1104 virorum
997 1065 1172 1104 sortium
1204 1068 1329 1118 atque
1359 1066 1558 1119 1111120-οΠ-

252 1124 363 1163 tium
384 1118 549 1176 copiam
569 1125 734 1188 tantaffi
749 1123 971 1171 haberetis,
989 1127 1037 1161 ut
1057 1123 1158 1162 haec
1174 1123 1291 1162 vobis
1313 1123 1558 1162 deliberatio

252 1180 438 1221 difficilis
471 1183 592 1230 esset,
613 1171 841 1241 qiiemffim
875 1181 1141 1233 potissimum
1181 1181 1312 1220 tantis
1351 1181 1472 1220 rebus
1512 1194 1559 1220 ac

254 1243 372 1278 tanto
395 1238 506 1278 bello
528 1238 856 1290 praeficiendum
878 1239 1084 1291 putaretis
1103 1237 1111 1278 l
1162 1238 1287 1277 Nunc
1308 1252 1404 1277 vero
1426 1252 1560 1290 quum

253 1298 310 1337 Sit
331 1310 438 1349 uirus
461 1295 534 1336 Cn.
556 1295 796 1348 PompeiUS,
812 1297 887 1348 qui
907 1309 991 1335 non
1013 1296 1137 1335 modo
1159 1309 1304 1335 eorum
1324 1296 1560 1345 hominum,

254 1356 327 1407 qui
357 1367 468 1404 nunc
500 1357 621 1411 51]-ῃῇ
632 1353 824 1405 gloriam,
847 1354 919 1393 sed
950 1354 1080 1392 etiam
1100 1354 1370 1406 antiquitatis
1401 1367 1562 1393 memo-

254 1414 360 1451 riam
388 1407 807 1463 “virtuteffiuperai-it,
841 1424 948 1463 quae
980 1425 1043 1450 res
1076 1415 1139 1450 est
1174 1424 1281 1463 quae
1314 1411 1562 1464 cujusquam

254 1471 445 1510 animum
464 1470 510 1508 in
531 1469 608 1508 hac
629 1482 751 1507 causa
780 1468 958 1508 dubium
978 1469 1112 1508 facere
1143 1468 1309 1521 possit?
1371 1471 1438 1508 28.
1471 1469 1562 1521 Ego

255 1528 370 1566 enim
398 1528 456 1566 sic
484 1527 692 1575 existimo,
713 1527 759 1564 in
790 1540 951 1565 summo
983 1527 1236 1579 imperatore
1263 1529 1466 1578 quattuor
1490 1527 1563 1565 has

255 1599 317 1624 res
354 1586 488 1623 inesse
525 1588 728 1638 oportere,
763 1585 984 1623 scientiam
1016 1585 1073 1623 rei
1110 1584 1321 1632 militaris,
1343 1584 1562 1631 virtutem,

256 1643 568 1690 auctoritatem,
589 1641 854 1681 felicitatem.
917 1642 1018 1689 Quis
1039 1642 1174 1694 igitur
1194 1642 1272 1680 hoc
1294 1641 1464 1680 homine
1486 1642 1564 1680 sci-

257 1701 392 1740 entior
424 1712 628 1751 umquam
659 1702 734 1738 aut
764 1700 848 1738 fuit
873 1702 946 1739 aut
977 1712 1061 1739 esse
1093 1699 1273 1739 debuit?
1308 1699 1383 1751 qm·
1412 1712 1435 1738 e
1465 1698 1564 1738 ludo

257 1762 383 1810 atque
405 1771 426 1796 e
448 1757 677 1809 pueritiaQ
688 1757 933 1811 disciplinis
953 1757 1064 1797 bello
1095 1758 1280 1796 maximo
1292 1760 1429 1813 ,atque
1450 1769 1566 1796 acer-

257 1816 377 1855 rimis
410 1814 599 1854 hostibus
635 1814 688 1853 ad
720 1815 852 1866 patris
888 1815 1120 1854 exercitum
1153 1818 1279 1866 atque
1311 1815 1357 1853 in
1383 1814 1566 1853 militiae

257 1872 528 1926 disciplinam
548 1872 857 1924 p1·ofectus.est,
874 1874 947 1924 qui
969 1865 1157 1912 extrem‘a
1166 1868 1360 1925 ,pueritia
1380 1871 1500 1910 miles
1521 1872 1567 1911 in

259 1932 449 1970 exercitu
478 1930 563 1969 fuit
594 1931 749 1969 summi
778 1931 1058 1982 imperatoris,
1080 1924 1255 1969 ineunte
1287 1922 1568 1969 adolescentia

258 1989 435 2028 maximi
456 1989 545 2040 ipse
567 1988 773 2027 exercitus
795 1989 1039 2040 imperator,
1051 1988 1124 2040 qui
1147 1987 1310 2039 saepius
1332 2000 1428 2025 cum
1449 1987 1568 2026 hoste

259 2045 451 2085 conflixit
496 2058 621 2097 quam
672 2046 894 2097 quisquam
944 2059 1039 2084 cum
1079 2045 1255 2090 inimico
1296 2044 1567 2093 concertavit,

258 2104 381 2156 plura
416 2102 526 2142 bella
561 2103 692 2155 gessit
728 2116 855 2154 quam
892 2103 1020 2143 ceteri
1054 2102 1263 2155 legerunt,
1299 2102 1438 2155 plures
1474 2115 1569 2154 pro-

260 2162 418 2200 vincias
449 2160 634 2206 confecit
663 2173 790 2212 quam
812 2160 886 2199 alii
918 2161 1263 2213 conciffliverunt,
1285 2159 1403 2212 cujus
1428 2159 1570 2199 adole-
1582 2158 1721 2197 'md-⁴²

259 2219 420 2258 scentia
441 2219 494 2257 ad
515 2218 737 2257 scientiam
753 2219 814 2257 rei
836 2218 1035 2257 militaris
1056 2231 1139 2257 non
1157 2217 1303 2256 alienis
1320 2218 1569 2270 praeceptis,

260 2392 440 2444 denique
487 2404 619 2443 genus
654 2404 740 2430 esse
781 2391 884 2430 belli
924 2395 1076 2443 potest,
1118 2392 1163 2430 in
1203 2404 1285 2442 quo
1327 2390 1449 2429 illum
1488 2402 1569 2429 non

260 2450 494 2489 exercuerit
526 2449 695 2488 fortuna
728 2450 788 2489 rei
822 2449 1051 2502 publicae?
1128 2448 1277 2497 Civile,
1311 2447 1571 2496 Africanum,

259 2506 597 2560 Transalpinam,
638 2506 918 2560 Hispaniense
950 2508 1134 2547 mixtum
1166 2519 1217 2546 ex
1251 2505 1414 2546 civibus
1445 2508 1573 2558 atque

911 2574 1004 2633 μθ
1019 2580 1055 2601 ‘M
1069 2566 1234 2596 ‚undum
1253 2583 1256 2588 ,
